@article{palmer2004development,
  title={Development of a European multi-model ensemble system for seasonal to inter-annual prediction (DEMETER)},
  author={Palmer, Tim and Andersen, U and Cantelaube, P and Davey, M and Deque, M and Doblas-Reyes, FJ and Feddersen, H and Graham, R and Gualdi, S and Gueremy, J-F and others},
  journal={Bulletin of the American Meteorological Society},
  volume={85},
  number={6},
  pages={853--872},
  year={2004},
  publisher={American Meteorological Society}
}


@article{delsole2004predictability,
  title={Predictability and information theory. Part I: Measures of predictability},
  author={DelSole, Timothy},
  journal={Journal of the atmospheric sciences},
  volume={61},
  number={20},
  pages={2425--2440},
  year={2004}
}


@article{delsole2005predictability,
  title={Predictability and information theory. Part II: Imperfect forecasts},
  author={DelSole, Timothy},
  journal={Journal of the atmospheric sciences},
  volume={62},
  number={9},
  pages={3368--3381},
  year={2005}
}


@article{delsole2010model,
  title={Model fidelity versus skill in seasonal forecasting},
  author={DelSole, Timothy and Shukla, Jagadish},
  journal={Journal of Climate},
  volume={23},
  number={18},
  pages={4794--4806},
  year={2010}
}


@article{majda2011link,
  title={Link between statistical equilibrium fidelity and forecasting skill for complex systems with model error},
  author={Majda, Andrew J and Gershgorin, Boris},
  journal={Proceedings of the National Academy of Sciences},
  volume={108},
  number={31},
  pages={12599--12604},
  year={2011},
  publisher={National Acad Sciences}
}


